\bibliography{Bibliography} 

@PHDTHESIS{russelGodel,
	AUTHOR       = "Russell O’Connor",
	TITLE        = "Incompleteness and Completeness: Formalizing Logic and Analysis in Type Theory",
	SCHOOL       = "Institute for Computing and Information Science, Faculty of Science, Radboud University Nijmegen",
	YEAR         = "2009",
	ADDRESS      = "",
	MONTH        = "",
	NOTE         = ""
}  

@article{paulsonGodel,
 author = {Paulson, Lawrence C.},
 title = {A Mechanised Proof of G\"{o}Del's Incompleteness Theorems Using Nominal Isabelle},
 journal = {J. Autom. Reason.},
 issue_date = {June      2015},
 volume = {55},
 number = {1},
 month = jun,
 year = {2015},
 issn = {0168-7433},
 pages = {1--37},
 numpages = {37},
 url = {http://dx.doi.org/10.1007/s10817-015-9322-8},
 doi = {10.1007/s10817-015-9322-8},
 acmid = {2780158},
 publisher = {Springer-Verlag New York, Inc.},
 address = {Secaucus, NJ, USA},
 keywords = {Formalisation of mathematics, G\"{o}del's incompleteness theorems, Isabelle/HOL, Nominal syntax},
} 


@Inbook{CIC,
author="Huet, G{\'e}rard",
chapter="Induction principles formalized in the calculus of constructions",
title="TAPSOFT '87: Proceedings of the International' Joint Conference on Theory and Practice of Software Development Pisa, Italy, March 23--27, 1987",
year="1987",
publisher="Springer Berlin Heidelberg",
address="Berlin, Heidelberg",
pages="276--286",
%isbn="978-3-540-47746-4",
%doi="10.1007/3-540-17660-8_62",
%url="http://dx.doi.org/10.1007/3-540-17660-8_62"
}

@Inbook{DisjSet,
author="Chargu{\'e}raud, Arthur
and Pottier, Fran{\c{c}}ois",
editor="Urban, Christian
and Zhang, Xingyuan",
chapter="Machine-Checked Verification of the Correctness and Amortized Complexity of an Efficient Union-Find Implementation",
title="Interactive Theorem Proving: 6th International Conference, ITP 2015, Nanjing, China, August 24-27, 2015, Proceedings",
year="2015",
publisher="Springer International Publishing",
address="Cham",
pages="137--153",
isbn="978-3-319-22102-1",
doi="10.1007/978-3-319-22102-1_9",
url="http://dx.doi.org/10.1007/978-3-319-22102-1_9"
}


@MISC{FourColourC,
    author = {Georges Gonthier},
    title = {Formal Proof -- The Four-Color Theorem},
    year = {2008}
}

@article{CompCert,
  author    = {Xavier Leroy},
  title     = {A formally verified compiler back-end},
  journal   = {CoRR},
  volume    = {abs/0902.2137},
  year      = {2009},
  url       = {http://arxiv.org/abs/0902.2137},
  timestamp = {Mon, 05 Dec 2011 18:05:24 +0100},
  biburl    = {http://dblp.uni-trier.de/rec/bib/journals/corr/abs-0902-2137},
  bibsource = {dblp computer science bibliography, http://dblp.org}
}

@MASTERSTHESIS{MyThesis,
	AUTHOR       = {Polina Vinogradova},
	TITLE        = {Investigating Structure in Turing Categories},
	SCHOOL       = {University of Ottawa},
	YEAR         = {2012},
	MONTH        = {March}
}

@inproceedings{ZammitHOL,
  title={A Mechanisation of Computability Theory in HOL},
  author={Vincent Zammit},
  booktitle={TPHOLs},
  year={1996}
}

@inproceedings{HolCoq,
 author = {Zammit, Vincent},
 title = {A Comparative Study of Coq and HOL},
 booktitle = {Proceedings of the 10th International Conference on Theorem Proving in Higher Order Logics},
 series = {TPHOLs '97},
 year = {1997},
 isbn = {3-540-63379-0},
 pages = {323--337},
 numpages = {15},
 url = {http://dl.acm.org/citation.cfm?id=646524.694725},
 acmid = {694725},
 publisher = {Springer-Verlag},
 address = {London, UK, UK},
} 


@article{Constable,
title = "Computational foundations of basic recursive function theory ",
journal = "Theoretical Computer Science ",
volume = "121",
number = "1–2",
pages = "89 - 112",
year = "1993",
note = "",
issn = "0304-3975",
doi = "http://dx.doi.org/10.1016/0304-3975(93)90085-8",
url = "//www.sciencedirect.com/science/article/pii/0304397593900858",
author = "Robert L. Constable and Scott F. Smith",
}

@ARTICLE{setoidsCat,
   author = {{Palmgren}, E. and {Wilander}, O.},
    title = "{Constructing categories and setoids of setoids in type theory}",
  journal = {ArXiv e-prints},
archivePrefix = "arXiv",
   eprint = {1408.1364},
 primaryClass = "math.LO",
 keywords = {Mathematics - Logic},
     year = 2014,
    month = aug,
   adsurl = {http://adsabs.harvard.edu/abs/2014arXiv1408.1364P},
  adsnote = {Provided by the SAO/NASA Astrophysics Data System}
}


@article{timanyNewLib,
  author    = {Amin Timany and
               Bart Jacobs},
  title     = {Category Theory in Coq 8.5},
  journal   = {CoRR},
  volume    = {abs/1505.06430},
  year      = {2015},
  url       = {http://arxiv.org/abs/1505.06430},
  timestamp = {Thu, 09 Jul 2015 16:49:52 +0200},
  biburl    = {http://dblp.uni-trier.de/rec/bib/journals/corr/TimanyJ15},
  bibsource = {dblp computer science bibliography, http://dblp.org}
}

@BOOK{HOCL,
	AUTHOR       = "J. Lambek and P. J. Scott.",
	TITLE        = "Introduction to Higher Order Categorical Logic",
	PUBLISHER    = "Cambridge University Press",
	YEAR         = "1986",
	VOLUME       = "",
	SERIES       = " Cambridge Studies in Advanced Mathematics",
	ADDRESS      = "",
	EDITION      = "7",
	MONTH        = "",
	NOTE         = ""
}

%\bibitem{FourColour}

%\bibitem{DisjSet}

%\bibitem{CompCert}

%github, update coq 8.5, appendix-> github
%equality intro search? conclusion, abstract, ackw
% CoqDoc HottCoqLib UnivFound JacobsLib


@article{CoqCalc,
 author = {Coquand, Thierry and Huet,  G{\'e}rard},
 title = {The Calculus of Constructions},
 journal = {Inf. Comput.},
 issue_date = {February/March 1988},
 volume = {76},
 number = {2-3},
 month = feb,
 year = {1988},
 issn = {0890-5401},
 pages = {95--120},
 numpages = {26},
 url = {http://dx.doi.org/10.1016/0890-5401(88)90005-3},
 doi = {10.1016/0890-5401(88)90005-3},
 acmid = {47725},
 publisher = {Academic Press, Inc.},
 address = {Duluth, MN, USA},
} 


@ARTICLE{LambdaCube,
	AUTHOR       = "H.P. Barendregt",
	TITLE        = "Introduction to generalized type systems",
	JOURNAL      = "Journal of Functional Programming",
	YEAR         = "1991",
	VOLUME       = "",
	NUMBER       = "1(2)",
	PAGES        = "125-154",
	MONTH        = "April",
	NOTE         = ""
}



@book{girard1989proofs,
  title={Proofs and Types},
  author={Girard, J.Y. and Lafont, Y. and Taylor, P.},
  isbn={9780521371810},
  lccn={gb89006177},
  series={Cambridge Tracts in Theoretical Computer Science},
  url={https://books.google.ca/books?id=6JOEQgAACAAJ},
  year={1989},
  publisher={Cambridge University Press}
}


@techreport{SmnForm,
   title = "{A} proof of the [Smn] theorem in {COQ}",
   author = "Zammit, Vincent",
   institution = "University of Kent (Canterbury, GB)",
   number = "TR 09-97",
   address = "Canterbury",
   url = "http://opac.inria.fr/record=b1041068",
   year = 1997
}


@UNPUBLISHED{AgdaRestCat,
	AUTHOR       = "J. Chapman, T. Uustalu, N. Veltri",
	TITLE        = "Formalizing restriction categories",
	NOTE         = "",
	MONTH        = "",
	YEAR         = ""
}

@UNPUBLISHED{FeitThm,
	AUTHOR       = "Georges Gonthier et al.",
	TITLE        = "Feit-Thompson theorem has been totally checked in Coq",
	NOTE         = " Msr-inria.inria.fr. Retrieved 2012-09-25",
	MONTH        = "09",
	YEAR         = "2012"
}


@ARTICLE{FourColForm,
	AUTHOR       = " Gonthier, Georges",
	TITLE        = "Formal Proof—The Four-Color Theorem",
	JOURNAL      = "Notices of the American Mathematical Society",
	YEAR         = "2008",
	VOLUME       = "55",
	NUMBER       = "11",
	PAGES        = "1382–1393",
	MONTH        = "",
	NOTE         = ""
}

% (2008), "" (PDF),  55 (11),, MR 2463991

%\bibitem{Category} %CatTheory
@book{Category,
  title={Category Theory},
  author={Awodey, S.},
  isbn={9780191513824},
  series={Oxford Logic Guides},
  url={https://books.google.ca/books?id=IK\_sIDI2TCwC},
  year={2006},
  publisher={Ebsco Publishing}
}

@misc{typeCl,
  TITLE = {{A gentle introduction to type classes and relations in Coq}},
  AUTHOR = {Cast{\'e}ran, Pierre and Sozeau, Matthieu},
  URL = {https://hal.archives-ouvertes.fr/hal-00702455},
  NOTE = {This document presents the main features of type classes and user-defined relations in the Coq proof assistant. Available at http://www.labri.fr/perso/casteran/CoqArt/TypeClassesTut/typeclassestut.pdf},
  YEAR = {2012},
  MONTH = May,
  HAL_ID = {hal-00702455},
  HAL_VERSION = {v1},
}

@book{coqArt,
  author =     {Yves Bertot and Pierre Cast\'{e}ran},
  title =     {Interactive Theorem Proving and Program Development.
                  Coq'Art: The Calculus of Inductive Constructions},
  publisher =     {Springer},
  year =     2004
}

@manual{CoqDoc,
  author      = {{Coq} {Development} {Team}, The},
  title       = {The {Coq} Reference Manual, version 8.5},
  month       = Jan,
  year        = {2016},
  note        = {\url{https://coq.inria.fr/distrib/current/files/Reference-Manual.pdf}}
}


%\bibitem{FstLib}
@INPROCEEDINGS{FstLib,
    author = { G{\'e}rard Huet and Amokrane Saïbi},
    title = {Constructive Category Theory},
    booktitle = {Joint CLICS-TYPES Workshop on Categories and Type Theory, Goteborg},
    year = {1998},
    publisher = {MIT Press}
}


@book{UnivF,
  title={Homotopy Type Theory: Univalent Foundations of Mathematics},
  author={Univalent Foundations Program},
  url={https://books.google.ca/books?id=LkDUKMv3yp0C},
  year={2013},
  publisher={Univalent Foundations program}
}
@CONFERENCE{JacobsLib,
	AUTHOR       = "Amin Timany and Bart Jacobs",
	TITLE        = "Category Theory in Coq 8.5",
	BOOKTITLE    = "The 7th Coq Workshop ",
	YEAR         = "2015",
	EDITOR       = "",
	PAGES        = "",
	ORGANIZATION = "",
	PUBLISHER    = "",
	ADDRESS      = "Sophia Antipolis, France",
	MONTH        = "June",
	NOTE         = ""
}

@book{typesNProg,
 author = {Pierce, Benjamin C.},
 title = {Types and Programming Languages},
 year = {2002},
 isbn = {0262162091, 9780262162098},
 edition = {1st},
 publisher = {The MIT Press},
} 

@book{SoftFound,
  author = {Benjamin C. Pierce and Chris Casinghino and Marco Gaboardi and
                  Michael Greenberg and C\v{a}t\v{a}lin Hri\c{t}cu 
                  and Vilhelm Sjoberg and Brent Yorgey},
  title = {Software Foundations},
  year = {2015},
  publisher = {Electronic textbook},
  plclub = {Yes},
  bcp = {Yes},
  keys = {poplmark,books},
 % note = {\URL{http://www.cis.upenn.edu/~bcpierce/sf}},
  ebook = {http://www.cis.upenn.edu/~bcpierce/sf},
  japanese = {http://proofcafe.org/sf}
}

@ARTICLE{Turing,
    author = {J.R.B. Cockett and P.J.W. Hofstra},
   title = {Introduction to {T}uring Categories},
   year = {2008},
	journal = {Annals of Pure and Applied Logic},
	volume = {156(2-3)},
	pages = {183-209}
}

@ARTICLE{RangeI,
    author = {J.R.B. Cockett{,} Xiuzhan Guo and Pieter Hofstra},
   title = "Range Categories {I}",
	note = {Submitted for publication, available at ``http://mysite.science.uottawa.ca/phofstra/"}
}

@ARTICLE{RangeII,
    author = {J.R.B. Cockett and Pieter Hofstra},
   title = {Range Categories {II}: Towards Regularity},
	note = {Submitted for publication in 2011, available at ``http://mysite.science.uottawa.ca/phofstra/"}
}


@ARTICLE{Winskel,
    author = {A. Joyal{,} M. Nielson{,} G. Winskel},
   title = {Bisimulation and open maps },
   year = {1993},
	journal = {Proceedings of Eighth Annual IEEE Symposium on Logic in Computer Science},
	volume = {LICS '93},
	pages = {418 - 427}
}

@ARTICLE{PCA,
    author = {Pieter J.W. Hofstra},
   title = {Partial Combinatory Algebras and Realizability Toposes},
   year = {2004}
}



@book{Computability,
    author    = {N.J. Cutland},
    title     = {Computability: An introduction to recursive function theory},
    year      = {1980},
    publisher = {Cambridge University Press}

}


%@Book{Category,
%	author = {Saunders Mac Lane},
%	title = {Categories for the Working Mathematician},
%	series = {Graduate Texts In Mathematics},
%	edition = {Second Edition},
%	publisher = {Springer},
%	year = {1998},
%	address = {New York}

%}

@Book{CatAlleg,
	author = {Peter J. Freyd{,} Andrej Scedrov},
	title = {Categories, Allegories},
	series = {North-Holland Mathematical Library},
	publisher = {Elsevier},
	year = {1990},
	address = {Amsterdam}

}

@Book{Topology,
	author = {John L. Kelley},
	title = {General Topology},
	series = {Graduate Texts In Mathematics},
	publisher = {Springer},
	year = {1975},
	address = {Birkhauser}

}


@Article{Restriction,
author = {J.R.B Cockett and S. Lack},
title = {Restriction categories {I}},
journal = {Theoretical Computer Science},
year = {2002},
volume = {270},
pages = {223--259}
}

\bibliographystyle{}
